<?xml version="1.0" encoding="UTF-8"?><collection xmlns="http://www.loc.gov/MARC21/slim"><record><leader>00355nam--2200133-i-4500</leader><controlfield tag="001">000011608</controlfield><controlfield tag="002">20161230</controlfield><controlfield tag="005">20161230201029</controlfield><controlfield tag="008">060222s1000------------r-----000-0-eng-d</controlfield><datafield ind1=" " ind2=" " tag="080"><subfield code="a">534.83:614.7</subfield></datafield><datafield ind1=" " ind2=" " tag="100"><subfield code="a">Barnea, Matei</subfield></datafield><datafield ind1=" " ind2=" " tag="245"><subfield code="a">Poluarea si protectia mediului</subfield></datafield><datafield ind1=" " ind2=" " tag="260"><subfield code="a">Bucuresti, Editura Stiintifica Si Enciclo- Pedica, 1975 331 P</subfield></datafield><datafield ind1=" " ind2=" " tag="852"><subfield code="a">43027</subfield></datafield></record></collection>